%%%%%%%%%%%%%%%%%%%%%%%%%%%%%%%%%%%%%%%%%%%%%%%%%%%
%%%%%%%%%%%%% Methods references %%%%%%%%%%%%%
%%%%%%%%%%%%%%%%%%%%%%%%%%%%%%%%%%%%%%%%%%%%%%%%%%%
%
%
@article{macosko2015highly,
  title={Highly parallel genome-wide expression profiling of individual cells using nanoliter droplets},
  author={Macosko, Evan Z and Basu, Anindita and Satija, Rahul and Nemesh, James and Shekhar, Karthik and Goldman, Melissa and Tirosh, Itay and Bialas, Allison R and Kamitaki, Nolan and Martersteck, Emily M and others},
  journal={Cell},
  volume={161},
  number={5},
  pages={1202--1214},
  year={2015},
  publisher={Elsevier}
}
%
@article{soriano2016proteasome,
  title={Proteasome inhibitor-adapted myeloma cells are largely independent from proteasome activity and show complex proteomic changes, in particular in redox and energy metabolism},
  author={Soriano, GP and Besse, L and Li, N and Kraus, M and Besse, A and Meeuwenoord, N and Bader, J and Everts, B and den Dulk, H and Overkleeft, HS and others},
  journal={Leukemia},
  volume={30},
  number={11},
  pages={2198--2207},
  year={2016},
  publisher={Nature Publishing Group}
}
%
