@article{international2003criteria,
  title={Criteria for the classification of monoclonal gammopathies, multiple myeloma and related disorders: a report of the International Myeloma Working Group},
  author={International Myeloma Working Group},
  journal={British journal of haematology},
  volume={121},
  number={5},
  pages={749--757},
  year={2003},
  publisher={Wiley Online Library}
}