%%%%%%%%%%%%%%%%%%%%%%%%%%%%%%%%%%%%%%%%%%%%%%%%%%%
%%%%%%%%%%%%% Methods references %%%%%%%%%%%%%
%%%%%%%%%%%%%%%%%%%%%%%%%%%%%%%%%%%%%%%%%%%%%%%%%%%
%
%
%
@article{soriano2016proteasome,
  title={Proteasome inhibitor-adapted myeloma cells are largely independent from proteasome activity and show complex proteomic changes, in particular in redox and energy metabolism},
  author={Soriano, GP and Besse, L and Li, N and Kraus, M and Besse, A and Meeuwenoord, N and Bader, J and Everts, B and den Dulk, H and Overkleeft, HS and others},
  journal={Leukemia},
  volume={30},
  number={11},
  pages={2198--2207},
  year={2016},
  publisher={Nature Publishing Group}
}
%
