%%%%%%%%%%%%%%%%%%%%%%%%%%%%%%%%%%%%%%%%%%%%%%%%%%%
%%%%%%%%%%%%%%% Pipeline references %%%%%%%%%%%%%%%
%%%%%%%%%%%%%%%%%%%%%%%%%%%%%%%%%%%%%%%%%%%%%%%%%%%
%
%
@article{bray2016near,
  title={Near-optimal probabilistic RNA-seq quantification},
  author={Bray, Nicolas L and Pimentel, Harold and Melsted, P{\'a}ll and Pachter, Lior},
  journal={Nature biotechnology},
  volume={34},
  number={5},
  pages={525},
  year={2016},
  publisher={Nature Publishing Group}
}
%
@article{cribbs2019cgat,
  title={CGAT-core: a python framework for building scalable, reproducible computational biology workflows},
  author={Cribbs, Adam P and Luna-Valero, Sebastian and George, Charlotte and Sudbery, Ian M and Berlanga-Taylor, Antonio J and Sansom, Stephen N and Smith, Tom and Ilott, Nicholas E and Johnson, Jethro and Scaber, Jakub and others},
  journal={F1000Research},
  volume={8},
  year={2019}
}
%
@article{dobin2013star,
  title={STAR: ultrafast universal RNA-seq aligner},
  author={Dobin, Alexander and Davis, Carrie A and Schlesinger, Felix and Drenkow, Jorg and Zaleski, Chris and Jha, Sonali and Batut, Philippe and Chaisson, Mark and Gingeras, Thomas R},
  journal={Bioinformatics},
  volume={29},
  number={1},
  pages={15--21},
  year={2013},
  publisher={Oxford University Press}
}
%
@article{goodstadt2010ruffus,
  title={Ruffus: a lightweight Python library for computational pipelines},
  author={Goodstadt, Leo},
  journal={Bioinformatics},
  volume={26},
  number={21},
  pages={2778--2779},
  year={2010},
  publisher={Oxford University Press}
}
%
@article{koster2012snakemake,
  title={Snakemakeâ€”a scalable bioinformatics workflow engine},
  author={K{\"o}ster, Johannes and Rahmann, Sven},
  journal={Bioinformatics},
  volume={28},
  number={19},
  pages={2520--2522},
  year={2012},
  publisher={Oxford University Press}
}
%
@article{la2018rna,
  title={RNA velocity of single cells},
  author={La Manno, Gioele and Soldatov, Ruslan and Zeisel, Amit and Braun, Emelie and Hochgerner, Hannah and Petukhov, Viktor and Lidschreiber, Katja and Kastriti, Maria E and L{\"o}nnerberg, Peter and Furlan, Alessandro and others},
  journal={Nature},
  volume={560},
  number={7719},
  pages={494},
  year={2018},
  publisher={Nature Publishing Group}
}
%
@article{melsted2018barcode,
  title={The barcode, UMI, set format and BUStools},
  author={Melsted, P{\'a}ll and Ntranos, Vasilis and Pachter, Lior},
  journal={bioRxiv},
  pages={472571},
  year={2018},
  publisher={Cold Spring Harbor Laboratory}
}
%
@article{melsted2019modular,
  title={Modular and efficient pre-processing of single-cell RNA-seq},
  author={Melsted, P{\'a}ll and Booeshaghi, A Sina and Gao, Fan and da Veiga Beltrame, Eduardo and Lu, Lambda and Hjorleifsson, Kristj{\'a}n Eldj{\'a}rn and Gehring, Jase and Pachter, Lior},
  journal={BioRxiv},
  pages={673285},
  year={2019},
  publisher={Cold Spring Harbor Laboratory}
}
%
@article{mortazavi2008mapping,
  title={Mapping and quantifying mammalian transcriptomes by RNA-Seq},
  author={Mortazavi, Ali and Williams, Brian A and McCue, Kenneth and Schaeffer, Lorian and Wold, Barbara},
  journal={Nature methods},
  volume={5},
  number={7},
  pages={621},
  year={2008},
  publisher={Nature Publishing Group}
}
%
@inproceedings{nicolae2010estimation,
  title={Estimation of alternative splicing isoform frequencies from RNA-Seq data},
  author={Nicolae, Marius and Mangul, Serghei and M{\u{a}}ndoiu, Ion and Zelikovsky, Alex},
  booktitle={International Workshop on Algorithms in Bioinformatics},
  pages={202--214},
  year={2010},
  organization={Springer}
}
%
@article{patro2017salmon,
  title={Salmon provides fast and bias-aware quantification of transcript expression},
  author={Patro, Rob and Duggal, Geet and Love, Michael I and Irizarry, Rafael A and Kingsford, Carl},
  journal={Nature methods},
  volume={14},
  number={4},
  pages={417},
  year={2017},
  publisher={Nature Publishing Group}
}
%
@article{sarkar2019minnow,
  title={Minnow: a principled framework for rapid simulation of dscRNA-seq data at the read level},
  author={Sarkar, Hirak and Srivastava, Avi and Patro, Rob},
  journal={Bioinformatics},
  volume={35},
  number={14},
  pages={i136--i144},
  year={2019},
  publisher={Oxford University Press}
}
%
@article{srivastava2019alevin,
  title={Alevin efficiently estimates accurate gene abundances from dscRNA-seq data},
  author={Srivastava, Avi and Malik, Laraib and Smith, Tom and Sudbery, Ian and Patro, Rob},
  journal={Genome biology},
  volume={20},
  number={1},
  pages={65},
  year={2019},
  publisher={BioMed Central}
}
%
@article{trapnell2009tophat,
  title={TopHat: discovering splice junctions with RNA-Seq},
  author={Trapnell, Cole and Pachter, Lior and Salzberg, Steven L},
  journal={Bioinformatics},
  volume={25},
  number={9},
  pages={1105--1111},
  year={2009},
  publisher={Oxford University Press}
}
%
@article{zappia2017splatter,
  title={Splatter: simulation of single-cell RNA sequencing data},
  author={Zappia, Luke and Phipson, Belinda and Oshlack, Alicia},
  journal={Genome biology},
  volume={18},
  number={1},
  pages={174},
  year={2017},
  publisher={BioMed Central}
}
%
