%%%%%%%%%%%%%%%%%%%%%%%%%%%%%%%%%%%%
%%%%%%%% Results references %%%%%%%%
%%%%%%%%%%%%%%%%%%%%%%%%%%%%%%%%%%%%
%
@article{love2014moderated,
  title={Moderated estimation of fold change and dispersion for RNA-seq data with DESeq2},
  author={Love, Michael I and Huber, Wolfgang and Anders, Simon},
  journal={Genome biology},
  volume={15},
  number={12},
  pages={550},
  year={2014},
  publisher={Springer}
}
%
@incollection{smyth2005limma,
  title={Limma: linear models for microarray data},
  author={Smyth, Gordon K},
  booktitle={Bioinformatics and computational biology solutions using R and Bioconductor},
  pages={397--420},
  year={2005},
  publisher={Springer}
}
%