%%%%%%%%%%%%%%%%%%%%%%%%%%%%%%%%%%%%%%%%%%%%%%%%%%%
%%%%%%%%%%%%% Introduction references %%%%%%%%%%%%%
%%%%%%%%%%%%%%%%%%%%%%%%%%%%%%%%%%%%%%%%%%%%%%%%%%%
%
@article{alexanian1969treatment,
  title={Treatment for multiple myeloma: combination chemotherapy with different melphalan dose regimens},
  author={Alexanian, Raymond and Haut, Arthur and Khan, Asad U and Lane, Montague and McKelvey, Eugene M and Migliore, Philip J and Stuckey, WJ and Wilson, Henry E},
  journal={Jama},
  volume={208},
  number={9},
  pages={1680--1685},
  year={1969},
  publisher={American Medical Association}
}
%
@article{blokhin1958clinical,
  title={Clinical experiences with sarcolysin in neoplastic diseases},
  author={Blokhin, N and Larionov, L and Perevodchikova, N and Chebotareva, L and Merkulova, N},
  journal={Annals of the New York Academy of Sciences},
  volume={68},
  number={3},
  pages={1128--1132},
  year={1958},
  publisher={Wiley Online Library}
}
%
@misc{cancerresearchuk,
  author = {Cancer Research UK},
  title = {Myeloma Survival Statistics},
  howpublished = {\url{https://www.cancerresearchuk.org/health-professional/cancer-statistics/statistics-by-cancer-type/myeloma/survival}},
  note = {Accessed: 06-2019}
}
%
@article{cowan2018global,
  title={Global burden of multiple myeloma: a systematic analysis for the Global Burden of Disease Study 2016},
  author={Cowan, Andrew J and Allen, Christine and Barac, Aleksandra and Basaleem, Huda and Bensenor, Isabela and Curado, Maria Paula and Foreman, Kyle and Gupta, Rahul and Harvey, James and Hosgood, H Dean and others},
  journal={JAMA oncology},
  volume={4},
  number={9},
  pages={1221--1227},
  year={2018},
  publisher={American Medical Association}
}
%
@article{fefer1986identical,
  title={Identical-twin (syngeneic) marrow transplantation for hematologic cancers},
  author={Fefer, Alexander and Cheever, Martin A and Greenberg, Philip D},
  journal={Journal of the National Cancer Institute},
  volume={76},
  number={6},
  pages={1269--1273},
  year={1986},
  publisher={Oxford University Press}
}
%
@article{gahrton1987bone,
  title={Bone marrow transplantation in multiple myeloma: report from the European Cooperative Group for Bone Marrow Transplantation},
  author={Gahrton, G and Tura, S and Flesch, M and Gratwohl, A and Gravett, P and Lucarelli, G and Michallet, M and Reiffers, J and Ringden, O and Van Lint, MT},
  journal={Blood},
  volume={69},
  number={4},
  pages={1262--1264},
  year={1987},
  publisher={Am Soc Hematology}
}
%
@article{international2003criteria,
  title={Criteria for the classification of monoclonal gammopathies, multiple myeloma and related disorders: a report of the International Myeloma Working Group},
  author={International Myeloma Working Group},
  journal={British journal of haematology},
  volume={121},
  number={5},
  pages={749--757},
  year={2003},
  publisher={Wiley Online Library}
}
%
@article{jourdan2011characterization,
  title={Characterization of a transitional preplasmablast population in the process of human B cell to plasma cell differentiation},
  author={Jourdan, Michel and Caraux, Anouk and Caron, Gersende and Robert, Nicolas and Fiol, Genevi{\`e}ve and R{\`e}me, Thierry and Bollor{\'e}, Karine and Vendrell, Jean-Pierre and Le Gallou, Simon and Mourcin, Fr{\'e}d{\'e}ric and others},
  journal={The Journal of Immunology},
  volume={187},
  number={8},
  pages={3931--3941},
  year={2011},
  publisher={Am Assoc Immnol}
}
%
@article{kane2003velcade,
  title={Velcade{\textregistered}: US FDA approval for the treatment of multiple myeloma progressing on prior therapy},
  author={Kane, Robert C and Bross, Peter F and Farrell, Ann T and Pazdur, Richard},
  journal={The oncologist},
  volume={8},
  number={6},
  pages={508--513},
  year={2003},
  publisher={AlphaMed Press}
}
%
@misc{katsnelson2012next,
  title={Next-generation proteasome inhibitor approved in multiple myeloma},
  author={Katsnelson, Alla},
  year={2012},
  publisher={Nature Publishing Group}
}
%
@inproceedings{kazandjian2016look,
  title={A look backward and forward in the regulatory and treatment history of multiple myeloma: approval of novel-novel agents, new drug development, and longer patient survival},
  author={Kazandjian, Dickran and Landgren, Ola},
  booktitle={Seminars in oncology},
  volume={43},
  number={6},
  pages={682--689},
  year={2016},
  organization={Elsevier}
}
%
@article{korde2011monoclonal,
  title={Monoclonal gammopathy of undetermined significance (MGUS) and smoldering multiple myeloma (SMM): novel biological insights and development of early treatment strategies},
  author={Korde, Neha and Kristinsson, Sigurdur Y and Landgren, Ola},
  journal={Blood},
  volume={117},
  number={21},
  pages={5573--5581},
  year={2011},
  publisher={Am Soc Hematology}
}
%
@article{kyle2007clinical,
  title={Clinical course and prognosis of smoldering (asymptomatic) multiple myeloma},
  author={Kyle, Robert A and Remstein, Ellen D and Therneau, Terry M and Dispenzieri, Angela and Kurtin, Paul J and Hodnefield, Janice M and Larson, Dirk R and Plevak, Matthew F and Jelinek, Diane F and Fonseca, Rafael and others},
  journal={New England Journal of Medicine},
  volume={356},
  number={25},
  pages={2582--2590},
  year={2007},
  publisher={Mass Medical Soc}
}
%
@article{label47revlimid,
  title={Revlimid-lenalidomide capsule},
  author={Label, FDA},
  journal={For Multiple Myeloma Myelodysplastic Syndrome and Mantle Cell Lymphoma},
  volume={47}
}
%
@article{lokhorst2015targeting,
  title={Targeting CD38 with daratumumab monotherapy in multiple myeloma},
  author={Lokhorst, Henk M and Plesner, Torben and Laubach, Jacob P and Nahi, Hareth and Gimsing, Peter and Hansson, Markus and Minnema, Monique C and Lassen, Ulrik and Krejcik, Jakub and Palumbo, Antonio and others},
  journal={New England Journal of Medicine},
  volume={373},
  number={13},
  pages={1207--1219},
  year={2015},
  publisher={Mass Medical Soc}
}
%
@article{lonial2015elotuzumab,
  title={Elotuzumab therapy for relapsed or refractory multiple myeloma},
  author={Lonial, Sagar and Dimopoulos, Meletios and Palumbo, Antonio and White, Darrell and Grosicki, Sebastian and Spicka, Ivan and Walter-Croneck, Adam and Moreau, Philippe and Mateos, Maria-Victoria and Magen, Hila and others},
  journal={New England Journal of Medicine},
  volume={373},
  number={7},
  pages={621--631},
  year={2015},
  publisher={Mass Medical Soc}
}
%
@article{mass1962comparison,
  title={A comparison of the effect of prednisone and a placebo in the treatment of multiple myeloma.},
  author={MASS, ROBERT E},
  journal={Cancer chemotherapy reports},
  volume={16},
  pages={257},
  year={1962}
}
%
@article{mcelwain1983high,
  title={High-dose intravenous melphalan for plasma-cell leukaemia and myeloma},
  author={McElwain, TJ and Powles, RL},
  journal={The Lancet},
  volume={322},
  number={8354},
  pages={822--824},
  year={1983},
  publisher={Elsevier}
}
%
@misc{nhsmyeloma,
  author = {NHS UK},
  title = {Multiple Myeloma},
  howpublished = {\url{https://www.nhs.uk/conditions/multiple-myeloma/}},
  note = {Accessed: 06-2019}
}
%
@article{osserman1982identical,
  title={Identical twin marrow transplantation in multiple myeloma},
  author={Osserman, Elliott F and DiRe, Leonard B and DiRe, John and Sherman, William H and Hersman, John A and Storb, Rainer},
  journal={Acta haematologica},
  volume={68},
  number={3},
  pages={215--223},
  year={1982},
  publisher={Karger Publishers}
}
%
@article{palumbo2011multiple,
author = {Palumbo, Antonio and Anderson, Kenneth},
title = {Multiple Myeloma},
journal = {New England Journal of Medicine},
volume = {364},
number = {11},
pages = {1046-1060},
year = {2011}
}
%
@article{rajkumar2014international,
  title={International Myeloma Working Group updated criteria for the diagnosis of multiple myeloma},
  author={Rajkumar, S Vincent and Dimopoulos, Meletios A and Palumbo, Antonio and Blade, Joan and Merlini, Giampaolo and Mateos, Mar{\'\i}a-Victoria and Kumar, Shaji and Hillengass, Jens and Kastritis, Efstathios and Richardson, Paul and others},
  journal={The lancet oncology},
  volume={15},
  number={12},
  pages={e538--e548},
  year={2014},
  publisher={Elsevier}
}
%
@article{rajkumar2015smoldering,
  title={Smoldering multiple myeloma},
  author={Rajkumar, S Vincent and Landgren, Ola and Mateos, Mar{\'\i}a-Victoria},
  journal={Blood, The Journal of the American Society of Hematology},
  volume={125},
  number={20},
  pages={3069--3075},
  year={2015},
  publisher={American Society of Hematology Washington, DC}
}
%
@article{richardson2003phase,
  title={A phase 2 study of bortezomib in relapsed, refractory myeloma},
  author={Richardson, Paul G and Barlogie, Bart and Berenson, James and Singhal, Seema and Jagannath, Sundar and Irwin, David and Rajkumar, S Vincent and Srkalovic, Gordan and Alsina, Melissa and Alexanian, Raymond and others},
  journal={New England Journal of Medicine},
  volume={348},
  number={26},
  pages={2609--2617},
  year={2003},
  publisher={Mass Medical Soc}
}
%
@article{roth2014tracking,
  title={Tracking plasma cell differentiation and survival},
  author={Roth, Katrin and Oehme, Laura and Zehentmeier, Sandra and Zhang, Yang and Niesner, Raluca and Hauser, Anja E},
  journal={Cytometry Part A},
  volume={85},
  number={1},
  pages={15--24},
  year={2014},
  publisher={Wiley Online Library}
}
%
@article{san2013pomalidomide,
  title={Pomalidomide plus low-dose dexamethasone versus high-dose dexamethasone alone for patients with relapsed and refractory multiple myeloma (MM-003): a randomised, open-label, phase 3 trial},
  author={San Miguel, Jesus and Weisel, Katja and Moreau, Philippe and Lacy, Martha and Song, Kevin and Delforge, Michel and Karlin, Lionel and Goldschmidt, Hartmut and Banos, Anne and Oriol, Albert and others},
  journal={The lancet oncology},
  volume={14},
  number={11},
  pages={1055--1066},
  year={2013},
  publisher={Elsevier}
}
%
@article{shapiro2004plasma,
  title={Plasma cell differentiation and multiple myeloma},
  author={Shapiro-Shelef, Miriam and Calame, Kathryn},
  journal={Current opinion in immunology},
  volume={16},
  number={2},
  pages={226--234},
  year={2004},
  publisher={Elsevier}
}
%
@article{siegel2016cancer,
  title={Cancer statistics, 2016},
  author={Siegel, Rebecca L and Miller, Kimberly D and Jemal, Ahmedin},
  journal={CA: a cancer journal for clinicians},
  volume={66},
  number={1},
  pages={7--30},
  year={2016},
  publisher={Wiley Online Library}
}
%
@article{singhal1999antitumor,
  title={Antitumor activity of thalidomide in refractory multiple myeloma},
  author={Singhal, Seema and Mehta, Jayesh and Desikan, Raman and Ayers, Dan and Roberson, Paula and Eddlemon, Paul and Munshi, Nikhil and Anaissie, Elias and Wilson, Carla and Dhodapkar, Madhav and others},
  journal={New England Journal of Medicine},
  volume={341},
  number={21},
  pages={1565--1571},
  year={1999},
  publisher={Mass Medical Soc}
}
%
@article{teras20162016,
  title={2016 US lymphoid malignancy statistics by World Health Organization subtypes},
  author={Teras, Lauren R and DeSantis, Carol E and Cerhan, James R and Morton, Lindsay M and Jemal, Ahmedin and Flowers, Christopher R},
  journal={CA: a cancer journal for clinicians},
  volume={66},
  number={6},
  pages={443--459},
  year={2016},
  publisher={Wiley Online Library}
}
%
@article{tsang2019multiple,
  title={Multiple myeloma epidemiology and patient geographic distribution in Canada: a population study},
  author={Tsang, Matthew and Le, Michelle and Ghazawi, Feras M and Cyr, Janelle and Alakel, Akram and Rahme, Elham and Lagac{\'e}, Fran{\c{c}}ois and Netchiporouk, Elena and Moreau, Linda and Zubarev, Andrei and others},
  journal={Cancer},
  year={2019},
  publisher={Wiley Online Library}
}
%
@article{van2018mgus,
  title={From MGUS to multiple myeloma, a paradigm for clonal evolution of premalignant cells},
  author={van Nieuwenhuijzen, Niels and Spaan, Ingrid and Raymakers, Reinier and Peperzak, Victor},
  journal={Cancer research},
  volume={78},
  number={10},
  pages={2449--2456},
  year={2018},
  publisher={AACR}
}
%