%%%%%%%%%%%%%%%%%%%%%%%%%%%%%%%%%%%%%%%%%%%%%%%%%%%%%
%%%%%%%%%%%%%%% Literature review ref %%%%%%%%%%%%%%%
%%%%%%%%%%%%%%%%%%%%%%%%%%%%%%%%%%%%%%%%%%%%%%%%%%%%%
%
%
@article{park2008aminoacyl,
  title={Aminoacyl tRNA synthetases and their connections to disease},
  author={Park, Sang Gyu and Schimmel, Paul and Kim, Sunghoon},
  journal={Proceedings of the National Academy of Sciences},
  volume={105},
  number={32},
  pages={11043--11049},
  year={2008},
  publisher={National Acad Sciences}
}
%
@article{han2006hierarchical,
  title={Hierarchical network between the components of the multi-tRNA synthetase complex: implications for complex formation},
  author={Han, Jung Min and Lee, Min Ji and Park, Sang Gyu and Lee, Sun Hee and Razin, Ehud and Choi, Eung-Chil and Kim, Sunghoon},
  journal={Journal of Biological Chemistry},
  volume={281},
  number={50},
  pages={38663--38667},
  year={2006},
  publisher={ASBMB}
}
@article{han2012leucyl,
  title={Leucyl-tRNA synthetase is an intracellular leucine sensor for the mTORC1-signaling pathway},
  author={Han, Jung Min and Jeong, Seung Jae and Park, Min Chul and Kim, Gyuyoup and Kwon, Nam Hoon and Kim, Hoi Kyoung and Ha, Sang Hoon and Ryu, Sung Ho and Kim, Sunghoon},
  journal={Cell},
  volume={149},
  number={2},
  pages={410--424},
  year={2012},
  publisher={Elsevier}
}
@article{yannay2009lysrs,
  title={LysRS serves as a key signaling molecule in the immune response by regulating gene expression},
  author={Yannay-Cohen, Nurit and Carmi-Levy, Irit and Kay, Gillian and Yang, Christopher Maolin and Han, Jung Min and Kemeny, D Michael and Kim, Sunghoon and Nechushtan, Hovav and Razin, Ehud},
  journal={Molecular cell},
  volume={34},
  number={5},
  pages={603--611},
  year={2009},
  publisher={Elsevier}
}

@article{park2006hormonal,
  title={Hormonal activity of AIMP1/p43 for glucose homeostasis},
  author={Park, Sang Gyu and Kang, Young Sun and Kim, Jin Young and Lee, Chang Seok and Ko, Young Gyu and Lee, Woo Je and Lee, Ki-Up and Yeom, Young Il and Kim, Sunghoon},
  journal={Proceedings of the National Academy of Sciences},
  volume={103},
  number={40},
  pages={14913--14918},
  year={2006},
  publisher={National Acad Sciences}
}

@article{park1999precursor,
  title={Precursor of pro-apoptotic cytokine modulates aminoacylation activity of tRNA synthetase},
  author={Park, Sang Gyu and Jung, Keum Hee and Lee, Jong Sang and Jo, Yeong Joon and Motegi, Hiromi and Kim, Sunghoon and Shiba, Kiyotaka},
  journal={Journal of Biological Chemistry},
  volume={274},
  number={24},
  pages={16673--16676},
  year={1999},
  publisher={ASBMB}
}
@article{zhou2020roles,
  title={Roles of aminoacyl-tRNA synthetase-interacting multi-functional proteins in physiology and cancer},
  author={Zhou, Zheng and Sun, Bao and Huang, Shiqiong and Yu, Dongsheng and Zhang, Xiaochuan},
  journal={Cell Death \& Disease},
  volume={11},
  number={7},
  pages={1--14},
  year={2020},
  publisher={Nature Publishing Group}
}
@article{kwon2011dual,
  title={Dual role of methionyl-tRNA synthetase in the regulation of translation and tumor suppressor activity of aminoacyl-tRNA synthetase-interacting multifunctional protein-3},
  author={Kwon, Nam Hoon and Kang, Taehee and Lee, Jin Young and Kim, Hyo Hyun and Kim, Hye Rim and Hong, Jeena and Oh, Young Sun and Han, Jung Min and Ku, Min Jeong and Lee, Sang Yeol and others},
  journal={Proceedings of the National Academy of Sciences},
  volume={108},
  number={49},
  pages={19635--19640},
  year={2011},
  publisher={National Acad Sciences}
}
@article{newberry2002structural,
  title={Structural origins of amino acid selection without editing by cysteinyl-tRNA synthetase},
  author={Newberry, Kate J and Hou, Ya-Ming and Perona, John J},
  journal={The EMBO Journal},
  volume={21},
  number={11},
  pages={2778--2787},
  year={2002},
  publisher={John Wiley \& Sons, Ltd Chichester, UK}
}
@article{kwon2019aminoacyl,
  title={Aminoacyl-tRNA synthetases as therapeutic targets},
  author={Kwon, Nam Hoon and Fox, Paul L and Kim, Sunghoon},
  journal={Nature reviews Drug discovery},
  volume={18},
  number={8},
  pages={629--650},
  year={2019},
  publisher={Nature Publishing Group}
}
@article{bervoets2019transcriptional,
  title={Transcriptional dysregulation by a nucleus-localized aminoacyl-tRNA synthetase associated with Charcot-Marie-Tooth neuropathy},
  author={Bervoets, Sven and Wei, Na and Erfurth, Maria-Luise and Yusein-Myashkova, Shazie and Ermanoska, Biljana and Mateiu, Ligia and Asselbergh, Bob and Blocquel, David and Kakad, Priyanka and Penserga, Tyrone and others},
  journal={Nature communications},
  volume={10},
  number={1},
  pages={1--14},
  year={2019},
  publisher={Nature Publishing Group}
}
@article{yao2013aminoacyl,
  title={Aminoacyl-tRNA synthetases in medicine and disease},
  author={Yao, Peng and Fox, Paul L},
  journal={EMBO molecular medicine},
  volume={5},
  number={3},
  pages={332--343},
  year={2013},
  publisher={WILEY-VCH Verlag Weinheim}
}
@article{nie2019roles,
  title={Roles of aminoacyl-tRNA synthetases in immune regulation and immune diseases},
  author={Nie, Anzheng and Sun, Bao and Fu, Zhihui and Yu, Dongsheng},
  journal={Cell death \& disease},
  volume={10},
  number={12},
  pages={1--14},
  year={2019},
  publisher={Nature Publishing Group}
}
@article{lee2016infection,
  title={Infection-specific phosphorylation of glutamyl-prolyl tRNA synthetase induces antiviral immunity},
  author={Lee, Eun-Young and Lee, Hyun-Cheol and Kim, Hyun-Kwan and Jang, Song Yee and Park, Seong-Jun and Kim, Yong-Hoon and Kim, Jong Hwan and Hwang, Jungwon and Kim, Jae-Hoon and Kim, Tae-Hwan and others},
  journal={Nature immunology},
  volume={17},
  number={11},
  pages={1252--1262},
  year={2016},
  publisher={Nature Publishing Group}
}
@article{duchon2017hiv,
  title={HIV-1 exploits a dynamic multi-aminoacyl-tRNA synthetase complex to enhance viral replication},
  author={Duchon, Alice A and St. Gelais, Corine and Titkemeier, Nathan and Hatterschide, Joshua and Wu, Li and Musier-Forsyth, Karin},
  journal={Journal of virology},
  volume={91},
  number={21},
  pages={e01240--17},
  year={2017},
  publisher={Am Soc Microbiol}
}
@article{ahn2016secreted,
  title={Secreted tryptophanyl-tRNA synthetase as a primary defence system against infection},
  author={Ahn, Young Ha and Park, Sunyoung and Choi, Jeong June and Park, Bo-Kyung and Rhee, Kyung Hee and Kang, Eunjoo and Ahn, Soyeon and Lee, Chul-Ho and Lee, Jong Soo and Inn, Kyung-Soo and others},
  journal={Nature microbiology},
  volume={2},
  number={1},
  pages={1--13},
  year={2016},
  publisher={Nature Publishing Group}
}
@article{hu2013heterogeneity,
  title={Heterogeneity of tumor-induced gene expression changes in the human metabolic network},
  author={Hu, Jie and Locasale, Jason W and Bielas, Jason H and O'sullivan, Jacintha and Sheahan, Kieran and Cantley, Lewis C and Vander Heiden, Matthew G and Vitkup, Dennis},
  journal={Nature biotechnology},
  volume={31},
  number={6},
  pages={522--529},
  year={2013},
  publisher={Nature Publishing Group}
}
@article{kwon2018stabilization,
  title={Stabilization of cyclin-dependent kinase 4 by methionyl-tRNA synthetase in p16INK4a-negative cancer},
  author={Kwon, Nam Hoon and Lee, Jin Young and Ryu, Ye-lim and Kim, Chanhee and Kong, Jiwon and Oh, Seongeun and Kang, Beom Sik and Ahn, Hye Won and Ahn, Sung Gwe and Jeong, Joon and others},
  journal={ACS pharmacology \& translational science},
  volume={1},
  number={1},
  pages={21--31},
  year={2018},
  publisher={ACS Publications}
}

@article{mo2016neddylation,
  title={Neddylation requires glycyl-tRNA synthetase to protect activated E2},
  author={Mo, Zhongying and Zhang, Qian and Liu, Ze and Lauer, Janelle and Shi, Yi and Sun, Litao and Griffin, Patrick R and Yang, Xiang-Lei},
  journal={Nature structural \& molecular biology},
  volume={23},
  number={8},
  pages={730--737},
  year={2016},
  publisher={Nature Publishing Group}
}
@article{deng2020role,
  title={The role of ubiquitination in tumorigenesis and targeted drug discovery},
  author={Deng, Lu and Meng, Tong and Chen, Lei and Wei, Wenyi and Wang, Ping},
  journal={Signal transduction and targeted therapy},
  volume={5},
  number={1},
  pages={1--28},
  year={2020},
  publisher={Nature Publishing Group}
}
@article{williams2013secreted,
  title={Secreted Threonyl-tRNA synthetase stimulates endothelial cell migration and angiogenesis},
  author={Williams, Tamara F and Mirando, Adam C and Wilkinson, Barrie and Francklyn, Christopher S and Lounsbury, Karen M},
  journal={Scientific reports},
  volume={3},
  number={1},
  pages={1--7},
  year={2013},
  publisher={Nature Publishing Group}
}
@article{mirando2015aminoacyl,
  title={Aminoacyl-tRNA synthetase dependent angiogenesis revealed by a bioengineered macrolide inhibitor},
  author={Mirando, Adam C and Fang, Pengfei and Williams, Tamara F and Baldor, Linda C and Howe, Alan K and Ebert, Alicia M and Wilkinson, Barrie and Lounsbury, Karen M and Guo, Min and Francklyn, Christopher S},
  journal={Scientific reports},
  volume={5},
  number={1},
  pages={1--17},
  year={2015},
  publisher={Nature Publishing Group}
}
@article{choi2009multidirectional,
  title={Multidirectional tumor-suppressive activity of AIMP2/p38 and the enhanced susceptibility of AIMP2 heterozygous mice to carcinogenesis},
  author={Choi, Jin Woo and Um, Jung Yeon and Kundu, Joydeb Kumar and Surh, Young-Joon and Kim, Sunghoon},
  journal={Carcinogenesis},
  volume={30},
  number={9},
  pages={1638--1644},
  year={2009},
  publisher={Oxford University Press}
}
@article{han2010antitumor,
  title={Antitumor activity and pharmacokinetic properties of ARS-interacting multi-functional protein 1 (AIMP1/p43)},
  author={Han, Jung Min and Myung, Heejoon and Kim, Sunghoon},
  journal={Cancer letters},
  volume={287},
  number={2},
  pages={157--164},
  year={2010},
  publisher={Elsevier}
}
@article{lee2006antitumor,
  title={Antitumor activity of the novel human cytokine AIMP1 in an in vivo tumor model.},
  author={Lee, Yeon-Sook and Han, Jung Min and Kang, Taehee and Park, Young In and Kim, Hwan Mook and Kim, Sunghoon},
  journal={Molecules \& Cells (Springer Science \& Business Media BV)},
  volume={21},
  number={2},
  year={2006}
}
@article{park2002dose,
  title={Dose-dependent biphasic activity of tRNA synthetase-associating factor, p43, in angiogenesis},
  author={Park, Sang Gyu and Kang, Young-Sun and Ahn, Young Ha and Lee, Soon Hee and Kim, Kwang-Rok and Kim, Kyu-Won and Koh, Gou Young and Ko, Young-Gyu and Kim, Sunghoon},
  journal={Journal of Biological Chemistry},
  volume={277},
  number={47},
  pages={45243--45248},
  year={2002},
  publisher={ASBMB}
}
@article{kim2017aminoacyl,
  title={Aminoacyl tRNA synthetase--interacting multifunctional protein 1 activates NK cells via macrophages in vitro and in vivo},
  author={Kim, Myun Soo and Song, Ju Han and Cohen, Edward P and Cho, Daeho and Kim, Tae Sung},
  journal={The Journal of Immunology},
  volume={198},
  number={10},
  pages={4140--4147},
  year={2017},
  publisher={Am Assoc Immnol}
}
@article{park2005haploinsufficient,
  title={The haploinsufficient tumor suppressor p18 upregulates p53 via interactions with ATM/ATR},
  author={Park, Bum-Joon and Kang, Jin Wook and Lee, Sang Won and Choi, So-Jung and Shin, Young Kee and Ahn, Young Ha and Choi, Yun Hee and Choi, Dongho and Lee, Kwang Soo and Kim, Sunghoon},
  journal={Cell},
  volume={120},
  number={2},
  pages={209--221},
  year={2005},
  publisher={Elsevier}
}
@article{lee2006editing,
  title={Editing-defective tRNA synthetase causes protein misfolding and neurodegeneration},
  author={Lee, Jeong Woong and Beebe, Kirk and Nangle, Leslie A and Jang, Jaeseon and Longo-Guess, Chantal M and Cook, Susan A and Davisson, Muriel T and Sundberg, John P and Schimmel, Paul and Ackerman, Susan L},
  journal={Nature},
  volume={443},
  number={7107},
  pages={50--55},
  year={2006},
  publisher={Nature Publishing Group}
}
@article{mendes2019unraveling,
  title={Unraveling FATP1, regulated by ER-$\beta$, as a targeted breast cancer innovative therapy},
  author={Mendes, Cindy and Lopes-Coelho, Filipa and Ramos, Cristiano and Martins, Filipa and Santos, Ines and Rodrigues, Armanda and Silva, Fernanda and Andre, Saudade and Serpa, Jacinta},
  journal={Scientific reports},
  volume={9},
  number={1},
  pages={1--15},
  year={2019},
  publisher={Nature Publishing Group}
}
@article{hurdle2005prospects,
  title={Prospects for aminoacyl-tRNA synthetase inhibitors as new antimicrobial agents},
  author={Hurdle, Julian Gregston and O'Neill, Alexander John and Chopra, Ian},
  journal={Antimicrobial agents and chemotherapy},
  volume={49},
  number={12},
  pages={4821--4833},
  year={2005},
  publisher={Am Soc Microbiol}
}
@article{hughes1980interaction,
  title={Interaction of pseudomonic acid A with Escherichia coli B isoleucyl-tRNA synthetase},
  author={Hughes, Julia and Mellows, Graham},
  journal={Biochemical Journal},
  volume={191},
  number={1},
  pages={209--219},
  year={1980},
  publisher={Portland Press Ltd.}
}
@article{nakama2001structural,
  title={Structural basis for the recognition of isoleucyl-adenylate and an antibiotic, mupirocin, by isoleucyl-tRNA synthetase},
  author={Nakama, Takashi and Nureki, Osamu and Yokoyama, Shigeyuki},
  journal={Journal of Biological Chemistry},
  volume={276},
  number={50},
  pages={47387--47393},
  year={2001},
  publisher={ASBMB}
}
@article{pham2014aminoacyl,
  title={Aminoacyl-tRNA synthetases as drug targets in eukaryotic parasites},
  author={Pham, James S and Dawson, Karen L and Jackson, Katherine E and Lim, Erin E and Pasaje, Charisse Flerida A and Turner, Kelsey EC and Ralph, Stuart A},
  journal={International Journal for Parasitology: Drugs and Drug Resistance},
  volume={4},
  number={1},
  pages={1--13},
  year={2014},
  publisher={Elsevier}
}
@misc{halo2012clin,
  title={Halofuginone Hydrobromide in Treating Patients With Progressive Advanced Solid Tumors},
  author={European Organisation for Research and Treatment of Cancer - EORTC},
year={2012},
note = {Accessed: 2021-10-27}
}
@misc{halo2012clin2,
  title={Halofuginone Hydrobromide in Treating Patients With HIV-Related Kaposi's Sarcoma},
  author={National Cancer Institute (NCI) },
year={2013},
note = {Accessed: 2021-10-27}
}

@article{koepfli1949alkaloids,
  title={Alkaloids of Dichroa febrifuga. I. Isolation and degradative studies},
  author={Koepfli, JB and Mead, JF and Brockman, John A},
  journal={Journal of the American Chemical Society},
  volume={71},
  number={3},
  pages={1048--1054},
  year={1949},
  publisher={ACS Publications}
}
@article{zhang2017novel,
  title={A novel synthesis of the efficient anti-coccidial drug halofuginone hydrobromide},
  author={Zhang, Junren and Yao, Qizheng and Liu, Zuliang},
  journal={Molecules},
  volume={22},
  number={7},
  pages={1086},
  year={2017},
  publisher={Multidisciplinary Digital Publishing Institute}
}
@article{abramovitch2004halofuginone,
  title={Halofuginone inhibits angiogenesis and growth in implanted metastatic rat brain tumor model-an MRI study},
  author={Abramovitch, Rinat and Itzik, Anna and Harel, Hila and Nagler, Amon and Vlodavsky, Israel and Siegal, Tali},
  journal={Neoplasia},
  volume={6},
  number={5},
  pages={480--489},
  year={2004},
  publisher={Elsevier}
}
@article{elkin1999inhibition,
  title={Inhibition of bladder carcinoma angiogenesis, stromal support, and tumor growth by halofuginone},
  author={Elkin, Michael and Ariel, Ilana and Miao, Hua-Quan and Nagler, Arnon and Pines, Mark and De-Groot, Nathan and Hochberg, Avraham and Vlodavsky, Israel},
  journal={Cancer research},
  volume={59},
  number={16},
  pages={4111--4118},
  year={1999},
  publisher={AACR}
}
@article{gavish2002growth,
  title={Growth inhibition of prostate cancer xenografts by halofuginone},
  author={Gavish, Zohar and Pinthus, Jehonathan H and Barak, Vivian and Ramon, Jacob and Nagler, Arnon and Eshhar, Zelig and Pines, Mark},
  journal={The Prostate},
  volume={51},
  number={2},
  pages={73--83},
  year={2002},
  publisher={Wiley Online Library}
}
@article{genin2008myofibroblasts,
  title={Myofibroblasts in pulmonary and brain metastases of alveolar soft-part sarcoma: a novel target for treatment?},
  author={Genin, Olga and Rechavi, Gideon and Nagler, Arnon and Ben-Itzhak, Ofer and Nazemi, Kellie J and Pines, Mark},
  journal={Neoplasia},
  volume={10},
  number={9},
  pages={940--948},
  year={2008},
  publisher={Elsevier}
}
@article{gross2003treatment,
  title={Treatment with halofuginone results in marked growth inhibition of a von Hippel-Lindau pheochromocytoma in vivo},
  author={Gross, David J and Reibstein, Israel and Weiss, Lola and Slavin, Shimon and Dafni, Hagit and Neeman, Michal and Pines, Mark and Nagler, Arnon},
  journal={Clinical cancer research},
  volume={9},
  number={10},
  pages={3788--3793},
  year={2003},
  publisher={AACR}
}
@article{nagler2004suppression,
  title={Suppression of hepatocellular carcinoma growth in mice by the alkaloid coccidiostat halofuginone},
  author={Nagler, Arnon and Ohana, M and Shibolet, O and Shapira, MY and Alper, R and Vlodavsky, I and Pines, M and Ilan, Y},
  journal={European Journal of Cancer},
  volume={40},
  number={9},
  pages={1397--1403},
  year={2004},
  publisher={Elsevier}
}
@article{wang2020significance,
  title={Significance of halofuginone in esophageal squamous carcinoma cell apoptosis through HIF-1$\alpha$-FOXO3a pathway},
  author={Wang, Yaqiu and Xie, Zhihui and Lu, Hong},
  journal={Life Sciences},
  volume={257},
  pages={118104},
  year={2020},
  publisher={Elsevier}
}
@article{demiroglu2020anticarcinogenic,
  title={Anticarcinogenic effects of halofuginone on lung-derived cancer cells},
  author={Demiroglu-Zergeroglu, Asuman and Turhal, Gulseren and Topal, Halime and Ceylan, Hurmuz and Donbaloglu, Fadime and Karadeniz Cerit, Kivilcim and Odongo, Ronald R},
  journal={Cell Biology International},
  volume={44},
  number={9},
  pages={1934--1944},
  year={2020},
  publisher={Wiley Online Library}
}
@article{xia2018halofuginone,
  title={Halofuginone-induced autophagy suppresses the migration and invasion of MCF-7 cells via regulation of STMN1 and p53},
  author={Xia, Xiaojing and Wang, Lei and Zhang, Xiaojian and Wang, Shan and Lei, Lianchen and Cheng, Likun and Xu, Yanzhao and Sun, Yawei and Hang, Bolin and Zhang, Gaiping and others},
  journal={Journal of cellular biochemistry},
  volume={119},
  number={5},
  pages={4009--4020},
  year={2018},
  publisher={Wiley Online Library}
}
@article{ye2015gcn2,
  title={GCN2 sustains mTORC1 suppression upon amino acid deprivation by inducing Sestrin2},
  author={Ye, Jiangbin and Palm, Wilhelm and Peng, Min and King, Bryan and Lindsten, Tullia and Li, Ming O and Koumenis, Constantinos and Thompson, Craig B},
  journal={Genes \& development},
  volume={29},
  number={22},
  pages={2331--2336},
  year={2015},
  publisher={Cold Spring Harbor Lab}
}
@article{zhou2013atp,
  title={ATP-directed capture of bioactive herbal-based medicine on human tRNA synthetase},
  author={Zhou, Huihao and Sun, Litao and Yang, Xiang-Lei and Schimmel, Paul},
  journal={Nature},
  volume={494},
  number={7435},
  pages={121--124},
  year={2013},
  publisher={Nature Publishing Group}
}
@article{pines2015halofuginone,
  title={Halofuginone—the multifaceted molecule},
  author={Pines, Mark and Spector, Itai},
  journal={Molecules},
  volume={20},
  number={1},
  pages={573--594},
  year={2015},
  publisher={Multidisciplinary Digital Publishing Institute}
}
@article{mordechay2021differential,
  title={Differential Effects of Halofuginone Enantiomers on Muscle Fibrosis and Histopathology in Duchenne Muscular Dystrophy},
  author={Mordechay, Sharon and Smullen, Shaun and Evans, Paul and Genin, Olga and Pines, Mark and Halevy, Orna},
  journal={International Journal of Molecular Sciences},
  volume={22},
  number={13},
  pages={7063},
  year={2021},
  publisher={Multidisciplinary Digital Publishing Institute}
}
@article{linder20072r,
  title={(2R, 3S)-(+)-and (2S, 3R)-(-)-Halofuginone lactate: Synthesis, absolute configuration, and activity against Cryptosporidium parvum},
  author={Linder, Michael R and Heckeroth, Anja R and Najdrowski, Michael and Daugschies, Arwid and Schollmeyer, Dieter and Miculka, Christian},
  journal={Bioorganic \& medicinal chemistry letters},
  volume={17},
  number={15},
  pages={4140--4143},
  year={2007},
  publisher={Elsevier}
}
@article{koon2011phase,
  title={PHASE II AIDS MALIGNANCY CONSORTIUM TRIAL OF TOPICAL HALOFUGINONE IN AIDS-RELATED KAPOSI’S SARCOMA},
  author={Koon, Henry B and Fingleton, Barbara and Lee, Jeannette Y and Geyer, Julia T and Cesarman, Ethel and Parise, Robert A and Egorin, Merrill J and Dezube, Bruce J and Aboulafia, David and Krown, Susan E},
  journal={Journal of acquired immune deficiency syndromes (1999)},
  volume={56},
  number={1},
  pages={64},
  year={2011},
  publisher={NIH Public Access}
}
@article{kim2020structures,
  title={Structures and functions of multi-tRNA synthetase complexes},
  author={Kim, Myung Hee and Kim, Sunghoon},
  journal={Biology of Aminoacyl-tRNA Synthetases},
  volume={48},
  pages={149},
  year={2020},
  publisher={Academic Press}
}
@article{khan20203,
  title={3-Dimensional architecture of the human multi-tRNA synthetase complex},
  author={Khan, Krishnendu and Baleanu-Gogonea, Camelia and Willard, Belinda and Gogonea, Valentin and Fox, Paul L},
  journal={Nucleic acids research},
  volume={48},
  number={15},
  pages={8740--8754},
  year={2020},
  publisher={Oxford University Press}
}
@article{kim2019evolution,
  title={Evolution of the multi-tRNA synthetase complex and its role in cancer},
  author={Kim, Jong Hyun and Ahn, Tae Jin and Cho, Yeshin and Hwang, Daehee and Kim, Sunghoon and others},
  journal={Journal of Biological Chemistry},
  volume={294},
  number={14},
  pages={5340--5351},
  year={2019},
  publisher={ASBMB}
}
@article{cho2015assembly,
  title={Assembly of multi-tRNA synthetase complex via heterotetrameric glutathione transferase-homology domains},
  author={Cho, Ha Yeon and Maeng, Seo Jin and Cho, Hyo Je and Choi, Yoon Seo and Chung, Jeong Min and Lee, Sangmin and Kim, Hoi Kyoung and Kim, Jong Hyun and Eom, Chi-Yong and Kim, Yeon-Gil and others},
  journal={Journal of Biological Chemistry},
  volume={290},
  number={49},
  pages={29313--29328},
  year={2015},
  publisher={ASBMB}
}
@article{kaminska2009dissection,
  title={Dissection of the structural organization of the aminoacyl-tRNA synthetase complex},
  author={Kaminska, Monika and Havrylenko, Svitlana and Decottignies, Paulette and Gillet, Sylvie and Le Marechal, Pierre and Negrutskii, Boris and Mirande, Marc},
  journal={Journal of Biological Chemistry},
  volume={284},
  number={10},
  pages={6053--6060},
  year={2009},
  publisher={ASBMB}
}
@article{mirande2017aminoacyl,
  title={The aminoacyl-tRNA synthetase complex},
  author={Mirande, Marc},
  journal={Macromolecular Protein Complexes},
  pages={505--522},
  year={2017},
  publisher={Springer}
}
@article{follo2019amino,
  title={Amino acid response by Halofuginone in Cancer cells triggers autophagy through proteasome degradation of mTOR},
  author={Follo, Carlo and Vidoni, Chiara and Morani, Federica and Ferraresi, Alessandra and Seca, Christian and Isidoro, Ciro},
  journal={Cell Communication and Signaling},
  volume={17},
  number={1},
  pages={1--18},
  year={2019},
  publisher={BioMed Central}
}
@article{de2020evolution,
  title={The evolution of aminoacyl-tRNA synthetases: From dawn to LUCA},
  author={de Pouplana, Lluis Ribas},
  journal={Biology of Aminoacyl-tRNA Synthetases},
  volume={48},
  pages={11},
  year={2020},
  publisher={Academic Press}
}
@article{loftfield1972frequency,
  title={The frequency of errors in protein biosynthesis.},
  author={Loftfield, ROBERT B and Vanderjagt, DOROTHY},
  journal={Biochemical Journal},
  volume={128},
  number={5},
  pages={1353},
  year={1972},
  publisher={Portland Press Ltd}
}
@misc{pauling1958festschrift,
  title={Festschrift fur Prof. Dr. Arthur Stoll},
  author={Pauling, L},
  year={1958},
  publisher={Birkhauser Verlag, Basel, Switzerland}
}
@article{arif2009two,
  title={Two-site phosphorylation of EPRS coordinates multimodal regulation of noncanonical translational control activity},
  author={Arif, Abul and Jia, Jie and Mukhopadhyay, Rupak and Willard, Belinda and Kinter, Michael and Fox, Paul L},
  journal={Molecular cell},
  volume={35},
  number={2},
  pages={164--180},
  year={2009},
  publisher={Elsevier}
}
@article{arif2018gait,
  title={The GAIT translational control system},
  author={Arif, Abul and Yao, Peng and Terenzi, Fulvia and Jia, Jie and Ray, Partho Sarothi and Fox, Paul L},
  journal={Wiley Interdisciplinary Reviews: RNA},
  volume={9},
  number={2},
  pages={e1441},
  year={2018},
  publisher={Wiley Online Library}
}