%%%%%%%%%%%%%%%%%%%%%%%%%%%%%%%%%%%%%%%%%%%%%%%%%%%
%%%%%%%%%%%%% Introduction references %%%%%%%%%%%%%
%%%%%%%%%%%%%%%%%%%%%%%%%%%%%%%%%%%%%%%%%%%%%%%%%%%
%
@article{international2003criteria,
  title={Criteria for the classification of monoclonal gammopathies, multiple myeloma and related disorders: a report of the International Myeloma Working Group},
  author={International Myeloma Working Group},
  journal={British journal of haematology},
  volume={121},
  number={5},
  pages={749--757},
  year={2003},
  publisher={Wiley Online Library}
}
%
@article{jourdan2011characterization,
  title={Characterization of a transitional preplasmablast population in the process of human B cell to plasma cell differentiation},
  author={Jourdan, Michel and Caraux, Anouk and Caron, Gersende and Robert, Nicolas and Fiol, Genevi{\`e}ve and R{\`e}me, Thierry and Bollor{\'e}, Karine and Vendrell, Jean-Pierre and Le Gallou, Simon and Mourcin, Fr{\'e}d{\'e}ric and others},
  journal={The Journal of Immunology},
  volume={187},
  number={8},
  pages={3931--3941},
  year={2011},
  publisher={Am Assoc Immnol}
}
%
@article{roth2014tracking,
  title={Tracking plasma cell differentiation and survival},
  author={Roth, Katrin and Oehme, Laura and Zehentmeier, Sandra and Zhang, Yang and Niesner, Raluca and Hauser, Anja E},
  journal={Cytometry Part A},
  volume={85},
  number={1},
  pages={15--24},
  year={2014},
  publisher={Wiley Online Library}
}
%
@article{shapiro2004plasma,
  title={Plasma cell differentiation and multiple myeloma},
  author={Shapiro-Shelef, Miriam and Calame, Kathryn},
  journal={Current opinion in immunology},
  volume={16},
  number={2},
  pages={226--234},
  year={2004},
  publisher={Elsevier}
}
%